@INPROCEEDINGS{confbib1,
	author = {Фамилия, И. О.},
	title = {название тезисов конференции},
	booktitle = {Название сборника},
	year = {2015},
	language = {russian},
	authorconf = {true},
}

@CONFERENCE{confbib2,
	author = {Фамилия, И. О.},
	title = {название тезисов конференции},
	booktitle = {Название сборника},
	year = {2015},
	language = {russian},
	authorconf = {true},
}

@INPROCEEDINGS{confbib-2017-trajectory-problems,
	author = {Krylova, A. A. and Fedosov, Y. V. and Afanasev, M. Ya. and Shorokhov, S. A. and Akimov, S. V.},
	title = {Problems of Trajectory Building During Laser CNC Processing},
	booktitle = {Proceedings of the 20th Conference of Open Innovations Association {FRUCT}},
	year = {2017},
	pages = {585--591},
	language = {english},
	authorscopus = {true},
	authorwos = {true},
	addendum = {(Scopus, WoS)},
	authorconf = {true},
}

@INPROCEEDINGS{confbib-2017-json,
	author = {Krylova, A. A. and Fedosov, Y. V. and Afanasev, M. Ya. and Shorokhov, S. A.},
	title = {Performance Evaluation of the Message Queue Protocols to Transfer Binary JSON in a Distributed CNC System},
	booktitle = {Proceedings of 2017 15th IEEE International Conference on Industrial Informatics ({INDIN})},
	year = {2017},
	pages = {357--362},
	language = {english},
	authorscopus = {true},
	authorwos = {true},
	addendum = {(Scopus, WoS)},
	authorconf = {true},
}

@INPROCEEDINGS{confbib-2017-modular-integration,
	author = {Krylova, A. A. and Fedosov, Y. V. and Afanasev, M. Ya. and Shorokhov, S. A.},
	title = {Modular Industrial Equipment in Cyber-Physical Production System: Architecture and Integration},
	booktitle = {Proceedings of the 21st Conference of Open Innovations Association {FRUCT}},
	year = {2017},
	pages = {3--9},
	language = {english},
	authorscopus = {true},
	authorwos = {true},
	addendum = {(Scopus, WoS)},
	authorconf = {true},
}

@INPROCEEDINGS{confbib-2017-machine-vision,
	author = {Krylova, A. A. and Fedosov, Y. V. and Afanasev, M. Ya. and Shorokhov, S. A.},
	title = {Machine Vision for Selective Polymer Curing Devices: Challenges and Solutions},
	booktitle = {Proceedings of the 21st Conference of Open Innovations Association {FRUCT}},
	year = {2017},
	pages = {391--397},
	language = {english},
	authorscopus = {true},
	authorwos = {true},
	addendum = {(Scopus, WoS)},
	authorconf = {true},
}

@INPROCEEDINGS{confbib-2017-microservices,
	author = {Krylova, A. A. and Fedosov, Y. V. and Afanasev, M. Ya. and Shorokhov, S. A.},
	title = {An Application of Microservices Architecture Pattern to Create a Modular Computer Numerical Control System},
	booktitle = {Proceedings of the 20th Conference of Open Innovations Association {FRUCT}},
	year = {2017},
	pages = {10--19},
	language = {english},
	authorscopus = {true},
	authorwos = {true},
	addendum = {(Scopus, WoS)},
	authorconf = {true},
}

@INPROCEEDINGS{confbib-2018-motion-profile,
	author = {Krylova, A. A. and Fedosov, Y. V. and Afanasev, M. Ya. and Shorokhov, S. A. and Zimenko, K. V.},
	title = {Motion Profile Control Algorithm and Corner Smoothing Technique for Trajectory Optimization of High-Precision Processing},
	booktitle = {Proceedings of the 23rd Conference of Open Innovations Association {FRUCT}},
	year = {2018},
	pages = {425--431},
	language = {english},
	authorscopus = {true},
	authorwos = {true},
	addendum = {(Scopus, WoS)},
	authorconf = {true},
}

@INPROCEEDINGS{confbib-2018-etherium,
	author = {Krylova, A. A. and Fedosov, Y. V. and Afanasev, M. Ya. and Shorokhov, S. A. and Sidorenko, A. S.},
	title = {A Design of Cyber-physical Production System Prototype Based on an Ethereum Private Network},
	booktitle = {Proceedings of the 22nd Conference of Open Innovations Association {FRUCT}},
	year = {2018},
	pages = {3--11},
	language = {english},
	authorscopus = {true},
	authorwos = {true},
	addendum = {(Scopus, WoS)},
	authorconf = {true},
}

@INPROCEEDINGS{confbib-2018-mesh,
	author = {Krylova, A. A. and Fedosov, Y. V. and Afanasev, M. Ya. and Shorokhov, S. A. and Zimenko, K. V.},
	title = {Mesh Networking in Cyber-Physical Production Systems: Towards Modular Industrial Equipment Integration},
	booktitle = {Proceedings of the 23rd Conference of Open Innovations Association {FRUCT}},
	year = {2018},
	pages = {3--11},
	language = {english},
	authorscopus = {true},
	authorwos = {true},
	addendum = {(Scopus, WoS)},
	authorconf = {true},
}

@INPROCEEDINGS{confbib-2018-blockchain,
	author = {Krylova, A. A. and Fedosov, Y. V. and Afanasev, M. Ya. and Shorokhov, S. A.},
	title = {An application of bockchain and smart contracts for machine-to-machine communications in cyber-physical production systems},
	booktitle = {Proceedings 2018 {IEEE} Industrial Cyber-Physical Systems ({ICPS})},
	year = {2018},
	pages = {13--19},
	language = {english},
	authorscopus = {true},
	authorwos = {true},
	addendum = {(Scopus)},
	authorconf = {true},
}

@INPROCEEDINGS{confbib-2019-interpolation,
	author = {Krylova, A. A. and Fedosov, Y. V. and Afanasev, M. Ya. and Shorokhov, S. A. and Zimenko, K. V. and Kolesnikov, M. V.},
	title = {Interpolation Algorithm for High-Speed Processing of Complex Curvilinear Trajectories},
	booktitle = {Proceedings of the 25th Conference of Open Innovations Association {FRUCT}},
	year = {2019},
	pages = {398--404},
	language = {english},
	authorscopus = {true},
	authorwos = {true},
	addendum = {(Scopus, WoS)},
	authorconf = {true},
}

@INPROCEEDINGS{confbib-2019-voice-assistant,
	author = {Krylova, A. A. and Fedosov, Y. V. and Afanasev, M. Ya. and Shorokhov, S. A. and Zimenko, K. V. and Kolesnikov, M. V. and Andreev, Y. S.},
	title = {A Concept for Integration of Voice Assistant and Modular Cyber-Physical Production System},
	booktitle = {Proceesings of the 17th IEEE International Conference on Industrial Informatics ({INDIN})},
	year = {2019},
	pages = {27--32},
	language = {english},
	authorscopus = {true},
	authorwos = {true},
	addendum = {(Scopus, WoS)},
	authorconf = {true},
}

@INPROCEEDINGS{confbib-2020-smart-controller,
	author = {Krylova, A. A. and Fedosov, Y. V. and Afanasev, M. Ya. and Shorokhov, S. A. and Zimenko, K. V. and Kolesnikov, M. V. and Andreev, Y. S.},
	title = {Smart Controller for Industrial Internet of Things: Design and Implementation},
	booktitle = {Proceedings of the 26th Conference of Open Innovations Association {FRUCT}},
	year = {2020},
	pages = {545--551},
	language = {english},
	authorscopus = {true},
	authorwos = {true},
	addendum = {(Scopus, WoS)},
	authorconf = {true},
}

@INPROCEEDINGS{confbib-2020-auto-positioning,
	author = {Krylova, A. A. and Fedosov, Y. V. and Afanasev, M. Ya. and Shorokhov, S. A. and Zimenko, K. V. and Kolesnikov, M. V. and Andreev, Y. S.},
	title = {Machine Vision for Auto Positioning in the Modular Industrial Equipment: A Case Study},
	booktitle = {Proceedings of the 3rd {IEEE} International Conference on Industrial Cyber-Physical Systems ({ICPS})},
	year = {2020},
	pages = {1--7},
	language = {english},
	authorscopus = {true},
	authorwos = {true},
	addendum = {(Scopus, WoS)},
	authorconf = {true},
}

@ARTICLE{bib1,
  author = {Фамилия, И. О.},
  title = {Название статьи},
  journal = {Журнал},
  year = {2012},
  volume = {1},
  pages = {100},
  language = {russian},
  authorother = {true},
  authorconf = {true},
}

@CONFERENCE{bib2,
  author = {Фамилия, И. О.},
  title = {название тезисов конференции},
  booktitle = {Название сборника},
  year = {2012},
  language = {russian},
  authorconf = {true},
}

@ARTICLE{scbib1,
  author = {Фамилия, И. О. and Фамилия2, И. О. and Фамилия3, И. О.},
  title = {Название статьи},
  journal = {Журнал},
  year = {2018},
  volume = {2},
  number = {1},
  pages = {99--102},
  language = {russian},
  authorscopus = {true},
  authorwos = {true},
  addendum = {(Scopus, WoS)},
}

@ARTICLE{vakbib1,
  author = {Фамилия, И. О. and Фамилия2, И. О. and Фамилия3, И. О.},
  addendum = {(0,28~п.~л.; ВАК, WoS)},
  title = {Название статьи},
  journal = {Журнал},
  year = {2013},
  volume = {1},
  number = {5},
  pages = {100--120},
  language = {russian},
  authorvak = {true},
  authorwos = {true},
}

@ARTICLE{vakbib2,
  author = {Фамилия, И. О. and Фамилия2, И. О. and Фамилия3, И. О. and Фамилия4, И. О.},
  addendum = {(0,33~п.~л.~/ 0,28~п.~л.; ВАК)},
  title = {Название статьи},
  journal = {Журнал},
  year = {2014},
  volume = {1},
  number = {5},
  pages = {100--120},
  language = {russian},
  authorvak = {true},
}

@ARTICLE{wosbib1,
  author = {Фамилия, И. О. and Фамилия2, И. О. and Фамилия3, И. О.},
  addendum = {(0,21~п.~л., WoS)},
  title = {Название статьи},
  journal = {Журнал},
  year = {2011},
  volume = {1},
  number = {8},
  pages = {105--120},
  language = {russian},
  authorwos = {true},
}
