@article{bejlegaard2016application,
  title={Application of module drivers creating modular manufacturing equipment enabling changeability},
  author={Bejlegaard, Mads and Brunoe, Thomas Ditlev and Nielsen, Kjeld},
  journal={Procedia CIRP},
  volume={52},
  pages={134--138},
  year={2016},
  publisher={Elsevier}
}

@article{shneor2018reconfigurable,
  title={Reconfigurable machine tool: CNC machine for milling, grinding and polishing},
  author={Shneor, Yair},
  journal={Procedia Manufacturing},
  volume={21},
  pages={221--227},
  year={2018},
  publisher={Elsevier}
}

@article{bortolini2019dynamic,
  title={Dynamic design and management of reconfigurable manufacturing systems},
  author={Bortolini, Marco and Galizia, Francesco Gabriele and Mora, Cristina},
  journal={Procedia manufacturing},
  volume={33},
  pages={67--74},
  year={2019},
  publisher={Elsevier}
}

@incollection{svetlik2020modularity,
  title={Modularity of Production Systems},
  author={Svetl{\'\i}k, Jozef},
  booktitle={Machine Tools-Design, Research, Application},
  year={2020},
  publisher={IntechOpen}
}

@article{efatmaneshnik2018standard,
  title={A standard description of the terms module and modularity for systems engineering},
  author={Efatmaneshnik, Mahmoud and Shoval, Shraga and Qiao, Li},
  journal={IEEE Transactions on Engineering Management},
  volume={67},
  number={2},
  pages={365--375},
  year={2018},
  publisher={IEEE}
}

@article{algeddawy2017best,
  title={Best design granularity to balance assembly complexity and product modularity},
  author={AlGeddawy, T and Samy, SN and ElMaraghy, H},
  journal={Journal of Engineering Design},
  volume={28},
  number={7-9},
  pages={457--479},
  year={2017},
  publisher={Taylor \& Francis}
}

@article{bortolini2019reconfigurability,
  title={Reconfigurability in cellular manufacturing systems: a design model and multi-scenario analysis},
  author={Bortolini, Marco and Galizia, Francesco Gabriele and Mora, Cristina and Pilati, Francesco},
  journal={The International Journal of Advanced Manufacturing Technology},
  volume={104},
  number={9},
  pages={4387--4397},
  year={2019},
  publisher={Springer}
}

@article{browning2001applying,
  title={Applying the design structure matrix to system decomposition and integration problems: a review and new directions},
  author={Browning, Tyson R},
  journal={IEEE Transactions on Engineering management},
  volume={48},
  number={3},
  pages={292--306},
  year={2001},
  publisher={IEEE}
}

@article{gauss2019module,
  title={Module-based machinery design: a method to support the design of modular machine families for reconfigurable manufacturing systems},
  author={Gauss, Leandro and Lacerda, Daniel Pacheco and Sellitto, Miguel Afonso},
  journal={The International Journal of Advanced Manufacturing Technology},
  volume={102},
  number={9},
  pages={3911--3936},
  year={2019},
  publisher={Springer}
}

@article{benderbal2018modularity,
  title={Modularity assessment in reconfigurable manufacturing system (RMS) design: an Archived Multi-Objective Simulated Annealing-based approach},
  author={Benderbal, Hichem Haddou and Dahane, Mohammed and Benyoucef, Lyes},
  journal={The International Journal of Advanced Manufacturing Technology},
  volume={94},
  number={1},
  pages={729--749},
  year={2018},
  publisher={Springer}
}

@article{jiao1999methodology,
  title={A methodology of developing product family architecture for mass customization},
  author={Jiao, Jianxin and Tseng, Mitchell M},
  journal={Journal of Intelligent Manufacturing},
  volume={10},
  number={1},
  pages={3--20},
  year={1999},
  publisher={Springer}
}

@article{kong2009modular,
  title={On modular products development},
  author={Kong, FB and Ming, Xin Guo and Wang, L and Wang, XH and Wang, PP},
  journal={Concurrent Engineering},
  volume={17},
  number={4},
  pages={291--300},
  year={2009},
  publisher={Sage Publications Sage UK: London, England}
}

@article{kusiak2002integrated,
  title={Integrated product and process design: a modularity perspective},
  author={Kusiak, Andrew},
  journal={Journal of Engineering Design},
  volume={13},
  number={3},
  pages={223--231},
  year={2002},
  publisher={Taylor \& Francis}
}

@article{lee1997reconfigurability,
  title={Reconfigurability consideration design of components and manufacturing systems},
  author={Lee, Gun Ho},
  journal={The International Journal of Advanced Manufacturing Technology},
  volume={13},
  number={5},
  pages={376--386},
  year={1997},
  publisher={Springer}
}

@article{lukei2016modular,
  title={Modular Inspection Equipment Design for Modular Structured Mechatronic Products--Model Based Systems Engineering Approach for an Integrative Product and Production System Development},
  author={Lukei, Meinolf and Hassan, Bassem and Dumitrescu, Roman and Sigges, Thorsten and Derksen, Viktor},
  journal={Procedia Technology},
  volume={26},
  pages={455--464},
  year={2016},
  publisher={Elsevier}
}

@incollection{baldwin2006modularity,
  title={Modularity in the design of complex engineering systems},
  author={Baldwin, Carliss Y and Clark, Kim B},
  booktitle={Complex engineered systems},
  pages={175--205},
  year={2006},
  publisher={Springer}
}

@article{gershenson1997modularity,
  title={Modularity in product design for manufacturability},
  author={Gershenson, John K and Prasad, G Jagannath},
  journal={International Journal of Agile Manufacturing},
  volume={1},
  number={1},
  pages={99--110},
  year={1997}
}

@article{padayachee2012modular,
  title={Modular machine tools: Design and barriers to industrial implementation},
  author={Padayachee, J and Bright, G},
  journal={Journal of Manufacturing Systems},
  volume={31},
  number={2},
  pages={92--102},
  year={2012},
  publisher={Elsevier}
}

@incollection{moon2006reconfigurable,
  title={Reconfigurable machine tool design},
  author={Moon, YM},
  booktitle={Reconfigurable manufacturing systems and transformable Factories},
  pages={111--139},
  year={2006},
  publisher={Springer}
}

@article{shaik2015development,
  title={Development of modular manufacturing systems—a review},
  author={Shaik, Abdul Munaf and Rao, VVS Kesava and Rao, Ch Srinivasa},
  journal={The International Journal of Advanced Manufacturing Technology},
  volume={76},
  number={5-8},
  pages={789--802},
  year={2015},
  publisher={Springer}
}
@article{shao2020modularity,
  title={Modularity measures: Concepts, computation, and applications to manufacturing systems},
  author={Shao, Yue and Zavala, Victor M},
  journal={AIChE Journal},
  volume={66},
  number={6},
  pages={e16965},
  year={2020},
  publisher={Wiley Online Library}
}

@article{walsh2019analysis,
  title={An analysis of modularity as a design rule using network theory},
  author={Walsh, Hannah S and Dong, Andy and Tumer, Irem Y},
  journal={Journal of Mechanical Design},
  volume={141},
  number={3},
  year={2019},
  publisher={American Society of Mechanical Engineers Digital Collection}
}

@phdthesis{liu2018cyber,
  title={Cyber-Physical Machine Tools for Smart Manufacturing},
  author={Liu, Chao},
  year={2018},
  school={ResearchSpace@ Auckland}
}

@inproceedings{breaz20175,
  title={5-axes modular CNC machining center},
  author={Breaz, Radu-Eugen and Racz, Sever-Gabriel and Bologa, Octavian-Constantin},
  booktitle={MATEC Web of Conferences},
  volume={112},
  pages={06004},
  year={2017},
  organization={EDP Sciences}
}

@article{liu2014modular,
  title={Modular design of machine tools to facilitate design for disassembly and remanufacturing},
  author={Liu, Yongxian and Ong, SK and Nee, AYC and others},
  journal={Procedia CIRP},
  volume={15},
  pages={443--448},
  year={2014},
  publisher={Elsevier}
}

@article{li2020modular,
  title={Modular design research of computer numerical control machine tools oriented to customer requirements},
  author={Li, Fei and Li, Xudong and Xie, Hualong},
  journal={Advances in Mechanical Engineering},
  volume={12},
  number={4},
  pages={1687814020916574},
  year={2020},
  publisher={SAGE Publications Sage UK: London, England}
}

@article{chan1996development,
  title={Development of a computer numerical control (CNC) modular fixture—Machine design of a standard multifinger module},
  author={Chan, KC and Lin, CS},
  journal={The International Journal of Advanced Manufacturing Technology},
  volume={11},
  number={1},
  pages={18--26},
  year={1996},
  publisher={Springer}
}

@article{grigoriev2014research,
  title={Research and development of a cross-platform CNC kernel for multi-axis machine tool},
  author={Grigoriev, Sergej N and Martinov, Georgi M},
  journal={Procedia CIRP},
  volume={14},
  pages={517--522},
  year={2014},
  publisher={Elsevier}
}

@article{bin2004research,
  title={A research on open CNC system based on architecture/component software reuse technology},
  author={Bin, Li and Yun-fei, Zhou and Xiao-qi, Tang},
  journal={Computers in Industry},
  volume={55},
  number={1},
  pages={73--85},
  year={2004},
  publisher={Elsevier}
}

@article{han2007development,
  title={Development of a PC-based open architecture software-CNC system},
  author={HAN, Zhen-yu and WANG, Yong-zhang and FU, Hong-ya and others},
  journal={Chinese Journal of Aeronautics},
  volume={20},
  number={3},
  pages={272--281},
  year={2007},
  publisher={Elsevier}
}

@article{morales2010open,
  title={Open-architecture system based on a reconfigurable hardware--software multi-agent platform for CNC machines},
  author={Morales-Velazquez, Luis and de Jesus Romero-Troncoso, Rene and Osornio-Rios, Roque Alfredo and Herrera-Ruiz, Gilberto and Cabal-Yepez, Eduardo},
  journal={Journal of Systems Architecture},
  volume={56},
  number={9},
  pages={407--418},
  year={2010},
  publisher={Elsevier}
}

@article{verba2017platform,
  title={Platform as a service gateway for the Fog of Things},
  author={Verba, Nandor and Chao, Kuo-Ming and James, Anne and Goldsmith, Daniel and Fei, Xiang and Stan, Sergiu-Dan},
  journal={Advanced Engineering Informatics},
  volume={33},
  pages={243--257},
  year={2017},
  publisher={Elsevier}
}

@inproceedings{prazeres2016soft,
  title={Soft-iot: Self-organizing fog of things},
  author={Prazeres, C{\'a}ssio and Serrano, Martin},
  booktitle={2016 30th International Conference on Advanced Information Networking and Applications Workshops (WAINA)},
  pages={803--808},
  year={2016},
  organization={IEEE}
}

@inproceedings{grothoff2020mapping,
  title={Mapping of Standardized State Machines to Utilize Machine Learning Models in Process Control Environments},
  author={Grothoff, Julian and Kleinert, Tobias},
  booktitle={Cybersecurity workshop by European Steel Technology Platform},
  pages={39--53},
  year={2020},
  organization={Springer}
}

@INPROCEEDINGS{AnithaVarghese, 
	author={A. Varghese and D. Tandur}, 
	booktitle={2014 International Conference on Contemporary Computing and Informatics (IC3I)}, 
	title={Wireless requirements and challenges in Industry 4.0}, 
	year={2014}, 
	pages={634--638},  
	month={Nov}
}

@article{FlorianKauer,
	title = "A dual-radio approach for reliable emergency signaling in critical infrastructure assets with large wireless networks",
	journal = "International Journal of Critical Infrastructure Protection",
	volume = "21",
	pages = "33-46",
	year = "2018",
	author = "Florian Kauer and Emil Kallias and Volker Turau",
}


@INPROCEEDINGS{TuanDang, 
	author={Tuan Dang and C. Devic}, 
	booktitle={2008 6th IEEE International Conference on Industrial Informatics}, 
	title={{OCARI}: Optimization of communication for Ad hoc reliable industrial networks}, 
	year={2008}, 
	pages={688--693}, 
	month={July}
}


@BOOK{dinRoadmap,
	TITLE = {GERMAN STANDARDIZATION ROADMAP Industrie 4.0 Version 3},
	AUTHOR = {{Prof. Dr.} Dieter Wegener},
	YEAR = {2018},
	PUBLISHER = {DIN e.\,V.},
}

@INPROCEEDINGS{KhandakarAhmed, 
	author={K. Ahmed and N. S. Nafi and J. O. Blech and M. A. Gregory and H. Schmidt}, 
	booktitle={2017 27th International Telecommunication Networks and Applications Conference (ITNAC)}, 
	title={Software defined industry automation networks}, 
	year={2017}, 
	pages={1--3},  
	month={Nov}
}

@article{KonstantinosPoularakis,
  author    = {Konstantinos Poularakis and George Iosifidis and Leandros Tassiulas},
  title     = {{SDN}-enabled Tactical Ad Hoc Networks: Extending Programmable Control to the Edge},
  journal   = {CoRR},
  volume    = {abs/1801.02909},
  year      = {2018},
}

@article{Colpo,
  author    = {J. Colpo and D. Mols},
  title     = {No strings attached},
  journal   = {Hydrocarbon Engineering},
  volume    = {16},
  year      = {2011},
  pages     = {47--52},
}

@BOOK{plattform-i40,
  TITLE = {DISCUSSION PAPER. Network-based communication for Industrie 4.0},
  AUTHOR = {Ulrich Graf and Roland Heidel and Dr. Gerhard Kadel},
  YEAR = {2016},
  PUBLISHER = {BMWi},
}

@INPROCEEDINGS{8402373, 
	author={A. Neumann and L. Wisniewski and R. S. Ganesan and P. Rost and J. Jasperneite}, 
	booktitle={2018 14th IEEE International Workshop on Factory Communication Systems (WFCS)}, 
	title={Towards integration of Industrial Ethernet with {5G} mobile networks}, 
	year={2018},  
	pages={1--4},
	month={June}
}

@ARTICLE{Narendra2016427,
	author={Narendra, P. and Duquennoy, S. and Voigt, T.},
	title={BLE and IEEE 802.15.4 in the IoT: Evaluation and interoperability considerations},
	journal={Lecture Notes of the Institute for Computer Sciences, Social-Informatics and Telecommunications Engineering, LNICST},
	year={2016},
	volume={170},
	pages={427--438},
	source={Scopus},
}

@article{bloch2018state,
  title={State-based control of process services within modular process plants},
  author={Bloch, Henry and Hensel, Stephan and Hoernicke, Mario and Stark, Katharina and Menschner, Anna and Fay, Alexander and Urbas, Leon and Knohl, Torsten and Bernshausen, Jens},
  journal={Procedia CIRP},
  volume={72},
  pages={1088--1093},
  year={2018},
  publisher={Elsevier}
}

